%% Bibliographie - Thèse sur organoïdes et GNNs

%%%%%%%%%%%%%%%%%%%%%%%%%%%%%%%%%%%%%%%%
% ORGANOÏDES - Biologie
%%%%%%%%%%%%%%%%%%%%%%%%%%%%%%%%%%%%%%%%

@article{Sato2009,
  author = {Sato, Toshiro and Vries, Robert G and Snippert, Hugo J and van de Wetering, Marc and Barker, Nick and Stange, Daniel E and van Es, Johan H and Abo, Arie and Kujala, Pekka and Peters, Peter J and Clevers, Hans},
  title = {Single Lgr5 stem cells build crypt-villus structures in vitro without a mesenchymal niche},
  journal = {Nature},
  volume = {459},
  number = {7244},
  pages = {262--265},
  year = {2009}
}

@article{Zhao2022,
  author = {Zhao, Z. and others},
  title = {Organoids},
  journal = {Nature Reviews Methods Primers},
  volume = {2},
  number = {1},
  pages = {94},
  year = {2022},
  doi = {10.1038/s43586-022-00174-y}
}

@article{Lin2020,
  author = {Lin, Bin and McLelland, Bryce T. and Aramant, Robert B. and Thomas, Biju B. and Nistor, Gabriel and Keirstead, Hans S. and Seiler, Magdalene J.},
  title = {Retina Organoid Transplants Develop Photoreceptors and Improve Visual Function in RCS Rats With RPE Dysfunction},
  journal = {Investigative Ophthalmology \& Visual Science},
  volume = {61},
  number = {11},
  pages = {34},
  year = {2020},
  doi = {10.1167/iovs.61.11.34}
}

@article{Huch2015,
  author = {Huch, Meritxell and Gehart, Helmuth and van Boxtel, Ruben and Hamer, Karien and Blokzijl, Francis and Verstegen, Monique M A and Ellis, Edward and van Wenum, Maarten and Fuchs, Sabine A and de Ligt, Joep and van de Wetering, Marc and Sasaki, Nobuo and Boers, Susanne J and Kemperman, Hans and de Jonge, Jeroen and Ijzermans, Jan N M and Nieuwenhuis, Edward E S and Hoekstra, Ruurdtje and Strom, Stefan and Vries, Robert R G and van der Laan, Luc J W and Cuppen, Edwin and Clevers, Hans},
  title = {Long-term culture of genome-stable bipotent stem cells from adult human liver},
  journal = {Cell},
  volume = {160},
  number = {1-2},
  pages = {299--312},
  year = {2015},
  doi = {10.1016/j.cell.2014.11.050}
}

@article{Takasato2015,
  author = {Takasato, Minoru and Er, Pei Xuan and Chiu, Han S and Maier, Barbara and Baillie, Gregory J and Ferguson, Charles and Parton, Robert G and Wolvetang, Ernst J and Roost, Melissa S and Chuva de Sousa Lopes, Susana M and Little, Melissa H},
  title = {Kidney organoids from human iPS cells contain multiple lineages and model human nephrogenesis},
  journal = {Nature},
  volume = {526},
  number = {7574},
  pages = {564--568},
  year = {2015},
  doi = {10.1038/nature15695}
}

@article{Sachs2019,
  author = {Sachs, Nick and Papaspyropoulos, Alexandros and Zomer-van Ommen, Daisy D and Heo, Inha and Böttinger, Luc and Klay, Daniel and Weeber, Frans and Huelsz-Prince,Gi and Iakobachvili, Natia and Amatngalim, Gimano D and de Ligt, Joep and van Hoeck, Arne and Proost, Nobuo and Viveen, Marc C and Lyubimova, Anna and Teeven, Lisa and Derakhshan, Sevan and Korving, Jeroen and Begthel, Harry and Dekkers, Jeffrey F and Kumawat, Karishma and Ramos, Eduardo and van Oosterhout, Maarten F and Offerhaus, G Johan A and Wiener, Daniel J and Olimpio, Evelyne P and Dijkstra, Kai K and Smit, Ellen F and van der Linden, Maarten and Jaksani, Sami and van de Ven, Myrthe and Jonkers, Jos and Rios, Anne C and Voest, Emile E and van Moorsel, Coline H M and van der Ent, Cornelis K and Cuppen, Edwin and van Oudenaarden, Alexander and Coenjaerts, Frank E and Meyaard, Linde and Bont, Louis J and Peters, Peter J and Tans, Sander J and van Zon, Jeroen S and Boj, Sylvia F and Vries, Richard G and Beekman, Jeffrey M and Clevers, Hans},
  title = {Long-term expanding human airway organoids for disease modeling},
  journal = {EMBO Journal},
  volume = {38},
  number = {4},
  pages = {e100300},
  year = {2019},
  doi = {10.15252/embj.2018100300}
}

@article{Zhou2020COVID,
  author = {Zhou, Jie and Li, Cheng and Liu, Xiaoxiao and Chiu, Man Chun and Zhao, Xiaoyu and Wang, Dong and Wei, Yongxiang and Lee, Anna and Zhang, Anna Jinxia and Chu, Hin and Cai, Jian-Piao and Yip, Cyril Chik-Yan and Chan, Ivy Hau-Yee and Wong, Kenneth Kak-Yuen and Tsang, Owen Tak-Yin and Chan, Kwok-Hung and Chan, Jasper Fuk-Woo and To, Kelvin Kai-Wang and Chen, Honglin and Yuen, Kwok-Yung},
  title = {Infection of bat and human intestinal organoids by SARS-CoV-2},
  journal = {Nature Medicine},
  volume = {26},
  number = {7},
  pages = {1077--1083},
  year = {2020},
  doi = {10.1038/s41591-020-0912-6}
}

@article{Dekkers2013,
  author = {Dekkers, Jeffrey F and Wiegerinck, Christiane L and de Jonge, Hugo R and Bronsveld, Inez and Janssens, Hettie M and de Winter-de Groot, Karin M and Brandsma, Annelotte M and de Jong, Niels W M and Bijvelds, Marcel J C and Scholte, Bob J and Nieuwenhuis, Edward E S and van den Brink, Sylvia and Clevers, Hans and van der Ent, Cornelis K and Middendorp, Sabine and Beekman, Jeffrey M},
  title = {A functional CFTR assay using primary cystic fibrosis intestinal organoids},
  journal = {Nature Medicine},
  volume = {19},
  number = {7},
  pages = {939--945},
  year = {2013},
  doi = {10.1038/nm.3201}
}

@article{Boj2015,
  author = {Boj, Sylvia F and Hwang, Chong-Il and Baker, Lindsey A and Chio, Iok In Christine and Engle, Dannielle D and Corbo, Vincenzo and Jager, Maaike and Ponz-Sarvise, Mariano and Tiriac, Hervé and Spector, Marcia S and Gracanin, Ana and Oni, Tsrif and Yu, Kenneth H and van Boxtel, Ruben and Huch, Meritxell and Rivera, Kimberly D and Wilson, Justin P and Feigin, Michael E and Öhlund, Daniel and Handly-Santana, Amanda and Ardito-Abraham, Christine M and Ludwig, Madeleine and Elyada, Ela and Alagesan, Balasubramanyam and Biffi, Giulia and Yordanov, Georgi N and Delcuze, Brigitte and Creighton, Ben and Wright, Kevin and Park, Youngkyu and Morsink, Folkert H M and Molenaar, I Quintus and Borel Rinkes, Inne H and Cuppen, Edwin and Hao, Yuan and Jin, Yaqing and Nijman, Isaac J and Iacobuzio-Donahue, Christine and Leach, Steven D and Pappin, Darryl J and Hammell, Molly and Klimstra, David S and Basturk, Olca and Hruban, Ralph H and Offerhaus, G Johan A and Vries, Robert G and Clevers, Hans and Tuveson, David A},
  title = {Organoid models of human and mouse ductal pancreatic cancer},
  journal = {Cell},
  volume = {160},
  number = {1-2},
  pages = {324--338},
  year = {2015},
  doi = {10.1016/j.cell.2014.12.021}
}

@article{Bartfeld2015,
  author = {Bartfeld, Sina and Bayram, Tolga and van de Wetering, Marc and Huch, Meritxell and Begthel, Harry and Kujala, Pekka and Vries, Robert and Peters, Peter J and Clevers, Hans},
  title = {In vitro expansion of human gastric epithelial stem cells and their responses to bacterial infection},
  journal = {Gastroenterology},
  volume = {148},
  number = {1},
  pages = {126--136.e6},
  year = {2015},
  doi = {10.1053/j.gastro.2014.09.042}
}

@article{Sachs2018,
  author = {Sachs, Nick and de Ligt, Joep and Kopper, Oded and Gogola, Ewa and Bounova, Gleb and Weeber, Frans and Balgobind, Anjali V and Wind, Kadi and Gracanin, Ana and Begthel, Harry and Korving, Jeroen and van Boxtel, Ruben and Duarte, Alexandra Alves and Lelieveld, Denise and van Hoeck, Arne and Ernst, Renske F and Blokzijl, Francis and Nijman, Isaac J and Hoogstraat, Marlous and van de Ven, Myrthe and Egan, Deborah A and Zinzalla, Valentina and Moll, Jordi and Boj, Sylvia F and Voest, Emile E and Wessels, Lodewyk and van Diest, Paul J and Rottenberg, Sven and Vries, Robert G J and Cuppen, Edwin and Clevers, Hans},
  title = {A Living Biobank of Breast Cancer Organoids Captures Disease Heterogeneity},
  journal = {Cell},
  volume = {172},
  number = {1-2},
  pages = {373--386.e10},
  year = {2018},
  doi = {10.1016/j.cell.2017.11.010}
}

@article{Lancaster2013,
  author = {Lancaster, Madeline A and Renner, Magdalena and Martin, Carol-Anne and Wenzel, Daniel and Bicknell, Louise S and Hurles, Matthew E and Homfray, Tessa and Penninger, Josef M and Jackson, Andrew P and Knoblich, Jürgen A},
  title = {Cerebral organoids model human brain development and microcephaly},
  journal = {Nature},
  volume = {501},
  number = {7467},
  pages = {373--379},
  year = {2013}
}

@article{Clevers2016,
  author = {Clevers, Hans},
  title = {Modeling Development and Disease with Organoids},
  journal = {Cell},
  volume = {165},
  number = {7},
  pages = {1586--1597},
  year = {2016}
}

@article{Lancaster2014,
  author = {Lancaster, Madeline A and Knoblich, Jürgen A},
  title = {Organogenesis in a dish: modeling development and disease using organoid technologies},
  journal = {Science},
  volume = {345},
  number = {6194},
  pages = {1247125},
  year = {2014}
}

@article{Drost2019,
  author = {Drost, Jarno and Clevers, Hans},
  title = {Organoids in cancer research},
  journal = {Nature Reviews Cancer},
  volume = {18},
  pages = {407--418},
  year = {2018}
}

@article{Takebe2017,
  author = {Takebe, Takanori and Wells, James M and others},
  title = {Organoid center strategies for accelerating clinical translation},
  journal = {Cell Stem Cell},
  volume = {22},
  pages = {806--809},
  year = {2018}
}

%%%%%%%%%%%%%%%%%%%%%%%%%%%%%%%%%%%%%%%%
% DEEP LEARNING - Général
%%%%%%%%%%%%%%%%%%%%%%%%%%%%%%%%%%%%%%%%

@article{LeCun2015,
  author = {LeCun, Yann and Bengio, Yoshua and Hinton, Geoffrey},
  title = {Deep learning},
  journal = {Nature},
  volume = {521},
  number = {7553},
  pages = {436--444},
  year = {2015}
}

@book{Goodfellow2016,
  author = {Goodfellow, Ian and Bengio, Yoshua and Courville, Aaron},
  title = {Deep Learning},
  publisher = {MIT Press},
  year = {2016}
}

@inproceedings{Krizhevsky2012,
  author = {Krizhevsky, Alex and Sutskever, Ilya and Hinton, Geoffrey E},
  title = {ImageNet Classification with Deep Convolutional Neural Networks},
  booktitle = {Advances in Neural Information Processing Systems},
  pages = {1097--1105},
  year = {2012}
}

@inproceedings{He2016,
  author = {He, Kaiming and Zhang, Xiangyu and Ren, Shaoqing and Sun, Jian},
  title = {Deep Residual Learning for Image Recognition},
  booktitle = {IEEE Conference on Computer Vision and Pattern Recognition (CVPR)},
  pages = {770--778},
  year = {2016}
}

@article{Vaswani2017,
  author = {Vaswani, Ashish and Shazeer, Noam and Parmar, Niki and others},
  title = {Attention is All You Need},
  journal = {Advances in Neural Information Processing Systems},
  volume = {30},
  year = {2017}
}

%%%%%%%%%%%%%%%%%%%%%%%%%%%%%%%%%%%%%%%%
% GRAPH NEURAL NETWORKS
%%%%%%%%%%%%%%%%%%%%%%%%%%%%%%%%%%%%%%%%

@inproceedings{Kipf2017,
  author = {Kipf, Thomas N and Welling, Max},
  title = {Semi-Supervised Classification with Graph Convolutional Networks},
  booktitle = {International Conference on Learning Representations (ICLR)},
  year = {2017}
}

@article{Kipf2016,
  author = {Kipf, Thomas N and Welling, Max},
  title = {Variational Graph Auto-Encoders},
  journal = {arXiv preprint arXiv:1611.07308},
  year = {2016}
}

@inproceedings{Velickovic2018,
  author = {Veličković, Petar and Cucurull, Guillem and Casanova, Arantxa and Romero, Adriana and Liò, Pietro and Bengio, Yoshua},
  title = {Graph Attention Networks},
  booktitle = {International Conference on Learning Representations (ICLR)},
  year = {2018}
}

@inproceedings{Hamilton2017,
  author = {Hamilton, William L and Ying, Rex and Leskovec, Jure},
  title = {Inductive Representation Learning on Large Graphs},
  booktitle = {Advances in Neural Information Processing Systems},
  pages = {1024--1034},
  year = {2017}
}

@inproceedings{Xu2019,
  author = {Xu, Keyulu and Hu, Weihua and Leskovec, Jure and Jegelka, Stefanie},
  title = {How Powerful are Graph Neural Networks?},
  booktitle = {International Conference on Learning Representations (ICLR)},
  year = {2019}
}

@inproceedings{Gilmer2017,
  author = {Gilmer, Justin and Schoenholz, Samuel S and Riley, Patrick F and Vinyals, Oriol and Dahl, George E},
  title = {Neural Message Passing for Quantum Chemistry},
  booktitle = {International Conference on Machine Learning (ICML)},
  pages = {1263--1272},
  year = {2017}
}

@inproceedings{Defferrard2016,
  author = {Defferrard, Michaël and Bresson, Xavier and Vandergheynst, Pierre},
  title = {Convolutional Neural Networks on Graphs with Fast Localized Spectral Filtering},
  booktitle = {Advances in Neural Information Processing Systems (NeurIPS)},
  pages = {3844--3852},
  year = {2016}
}

@article{Wu2021,
  author = {Wu, Zonghan and Pan, Shirui and Chen, Fengwen and Long, Guodong and Zhang, Chengqi and Yu, Philip S},
  title = {A Comprehensive Survey on Graph Neural Networks},
  journal = {IEEE Transactions on Neural Networks and Learning Systems},
  volume = {32},
  number = {1},
  pages = {4--24},
  year = {2021}
}

%%%%%%%%%%%%%%%%%%%%%%%%%%%%%%%%%%%%%%%%
% GNNs GÉOMÉTRIQUES
%%%%%%%%%%%%%%%%%%%%%%%%%%%%%%%%%%%%%%%%

@inproceedings{Satorras2021,
  author = {Satorras, Victor Garcia and Hoogeboom, Emiel and Welling, Max},
  title = {E(n) Equivariant Graph Neural Networks},
  booktitle = {International Conference on Machine Learning (ICML)},
  pages = {9323--9332},
  year = {2021}
}

@inproceedings{Schutt2017,
  author = {Schütt, Kristof T and Kindermans, Pieter-Jan and Sauceda, Huziel E and Chmiela, Stefan and Tkatchenko, Alexandre and Müller, Klaus-Robert},
  title = {SchNet: A continuous-filter convolutional neural network for modeling quantum interactions},
  booktitle = {Advances in Neural Information Processing Systems},
  pages = {991--1001},
  year = {2017}
}

@inproceedings{Klicpera2020,
  author = {Klicpera, Johannes and Groß, Janek and Günnemann, Stephan},
  title = {Directional Message Passing for Molecular Graphs},
  booktitle = {International Conference on Learning Representations (ICLR)},
  year = {2020}
}

@article{Bronstein2021,
  author = {Bronstein, Michael M and Bruna, Joan and Cohen, Taco and Veličković, Petar},
  title = {Geometric Deep Learning: Grids, Groups, Graphs, Geodesics, and Gauges},
  journal = {arXiv preprint arXiv:2104.13478},
  year = {2021}
}

@inproceedings{Corso2020,
  author = {Corso, Gabriele and Cavalleri, Luca and Beaini, Dominique and Liò, Pietro and Veličković, Petar},
  title = {Principal Neighbourhood Aggregation for Graph Nets},
  booktitle = {Advances in Neural Information Processing Systems},
  volume = {33},
  pages = {13260--13271},
  year = {2020}
}

%%%%%%%%%%%%%%%%%%%%%%%%%%%%%%%%%%%%%%%%
% SEGMENTATION ET IMAGERIE
%%%%%%%%%%%%%%%%%%%%%%%%%%%%%%%%%%%%%%%%

@article{Stringer2021,
  author = {Stringer, Carsen and Wang, Tim and Michaelos, Michalis and Pachitariu, Marius},
  title = {Cellpose: a generalist algorithm for cellular segmentation},
  journal = {Nature Methods},
  volume = {18},
  pages = {100--106},
  year = {2021}
}

@inproceedings{Schmidt2018,
  author = {Schmidt, Uwe and Weigert, Martin and Broaddus, Coleman and Myers, Gene},
  title = {Cell Detection with Star-Convex Polygons},
  booktitle = {Medical Image Computing and Computer Assisted Intervention (MICCAI)},
  pages = {265--273},
  year = {2018}
}

@inproceedings{Ronneberger2015,
  author = {Ronneberger, Olaf and Fischer, Philipp and Brox, Thomas},
  title = {U-Net: Convolutional Networks for Biomedical Image Segmentation},
  booktitle = {Medical Image Computing and Computer Assisted Intervention (MICCAI)},
  pages = {234--241},
  year = {2015}
}

@inproceedings{Cicek2016,
  author = {Çiçek, Özgün and Abdulkadir, Ahmed and Lienkamp, Soeren S and Brox, Thomas and Ronneberger, Olaf},
  title = {3D U-Net: Learning Dense Volumetric Segmentation from Sparse Annotation},
  booktitle = {Medical Image Computing and Computer Assisted Intervention (MICCAI)},
  pages = {424--432},
  year = {2016}
}

%%%%%%%%%%%%%%%%%%%%%%%%%%%%%%%%%%%%%%%%
% PROCESSUS PONCTUELS
%%%%%%%%%%%%%%%%%%%%%%%%%%%%%%%%%%%%%%%%

@book{Illian2008,
  author = {Illian, Janine and Penttinen, Antti and Stoyan, Helga and Stoyan, Dietrich},
  title = {Statistical Analysis and Modelling of Spatial Point Patterns},
  publisher = {John Wiley \& Sons},
  year = {2008}
}

@book{Diggle2013,
  author = {Diggle, Peter J},
  title = {Statistical Analysis of Spatial and Spatio-Temporal Point Patterns},
  edition = {3rd},
  publisher = {CRC Press},
  year = {2013}
}

@book{Baddeley2015,
  author = {Baddeley, Adrian and Rubak, Ege and Turner, Rolf},
  title = {Spatial Point Patterns: Methodology and Applications with R},
  publisher = {CRC Press},
  year = {2015}
}

@inproceedings{Martin2025GRETSI,
  title = {Méthode géométrique rapide de détection de noyaux 3D : application à l'analyse d'organoïdes},
  author = {Martin, Alexandre and Ait Mouffok, Amel and Fytili, Eirini and Imler, Jules and Tête, Arnaud and Bortoli, Sylvie and Coumoul, Xavier and Clavel, Stephan and Descombes, Xavier},
  booktitle = {GRETSI 2025 - XXXème Colloque Francophone de Traitement du Signal et des Images},
  year = {2025},
  address = {Strasbourg, France},
  note = {ANR Morpheus (263702)}
}

@inproceedings{Martin2025GRETSI2,
  title = {Classification de processus de points sphériques: comparaison entre statistiques spatiales et Graph Neural Networks},
  author = {Martin, Alexandre and Ait Mouffok, Amel and Fytili, Eirini and Imler, Jules and Tête, Arnaud and Bortoli, Sylvie and Coumoul, Xavier and Clavel, Stephan and Descombes, Xavier},
  booktitle = {GRETSI 2025 - XXXème Colloque Francophone de Traitement du Signal et des Images},
  year = {2025},
  address = {Strasbourg, France},
  note = {ANR Morpheus (263702)}
}

@article{Ripley1977,
  author = {Ripley, Brian D},
  title = {Modelling Spatial Patterns},
  journal = {Journal of the Royal Statistical Society: Series B},
  volume = {39},
  number = {2},
  pages = {172--212},
  year = {1977}
}

%%%%%%%%%%%%%%%%%%%%%%%%%%%%%%%%%%%%%%%%
% GNN GÉOMÉTRIQUES - COMPLÉMENTS
%%%%%%%%%%%%%%%%%%%%%%%%%%%%%%%%%%%%%%%%

@article{Duval2024,
  author = {Duval, A. and others},
  title = {A Hitchhiker's Guide to Geometric GNNs for 3D Atomic Systems},
  journal = {arXiv preprint arXiv:2312.07511},
  year = {2024}
}

@article{Han2024,
  author = {Han, J. and others},
  title = {A Survey of Geometric Graph Neural Networks: Data Structures, Models and Applications},
  journal = {arXiv preprint arXiv:2403.00485},
  year = {2024}
}

@article{Cheng2021,
  author = {Cheng, J. and Zhang, C. and Dong, L.},
  title = {A geometric-information-enhanced crystal graph network for predicting properties of materials},
  journal = {Communications Materials},
  volume = {2},
  number = {1},
  pages = {92},
  year = {2021},
  doi = {10.1038/s43246-021-00194-3}
}

@inproceedings{Dehmamy2021,
  author = {Dehmamy, N. and Walters, R. and Liu, Y. and Wang, D. and Yu, R.},
  title = {Automatic Symmetry Discovery with Lie Algebra Convolutional Network},
  booktitle = {Advances in Neural Information Processing Systems},
  year = {2021},
  doi = {10.48550/arXiv.2109.07103}
}

%%%%%%%%%%%%%%%%%%%%%%%%%%%%%%%%%%%%%%%%
% EXPRESSIVITÉ ET THÉORIE GNN
%%%%%%%%%%%%%%%%%%%%%%%%%%%%%%%%%%%%%%%%

@article{Papp2023,
  author = {Papp, P. A. and Wattenhofer, R.},
  title = {A Theoretical Comparison of Graph Neural Network Extensions},
  journal = {arXiv preprint},
  year = {2023}
}

@article{DiGiovanni2023,
  author = {Di Giovanni, F. and Giusti, L. and Barbero, F. and Luise, G. and Lio', P. and Bronstein, M.},
  title = {On Over-Squashing in Message Passing Neural Networks: The Impact of Width, Depth, and Topology},
  journal = {arXiv preprint arXiv:2302.02941},
  year = {2023}
}

@article{Grohe2023,
  author = {Grohe, M.},
  title = {The Descriptive Complexity of Graph Neural Networks},
  journal = {arXiv preprint arXiv:2303.04613},
  year = {2023}
}

@inproceedings{Boker2023,
  author = {Böker, J. and Levie, R. and Huang, N. and Villar, S. and Morris, C.},
  title = {Fine-grained Expressivity of Graph Neural Networks},
  journal = {arXiv preprint arXiv:2306.03698},
  year = {2023}
}

@article{Black2023,
  author = {Black, M. and Wan, Z. and Nayyeri, A. and Wang, Y.},
  title = {Understanding Oversquashing in GNNs through the Lens of Effective Resistance},
  journal = {arXiv preprint arXiv:2302.06835},
  year = {2023}
}

@article{Nguyen2023,
  author = {Nguyen, K. and Nong, H. and Nguyen, V. and Ho, N. and Osher, S. and Nguyen, T.},
  title = {Revisiting Over-smoothing and Over-squashing Using Ollivier-Ricci Curvature},
  journal = {arXiv preprint arXiv:2211.15779},
  year = {2023}
}

@article{Topping2022,
  author = {Topping, J. and Di Giovanni, F. and Chamberlain, B. P. and Dong, X. and Bronstein, M. M.},
  title = {Understanding over-squashing and bottlenecks on graphs via curvature},
  journal = {arXiv preprint arXiv:2111.14522},
  year = {2022}
}

@article{Morris2023WL,
  author = {Morris, C. and others},
  title = {Weisfeiler and Leman go Machine Learning: The Story so far},
  journal = {arXiv preprint arXiv:2112.09992},
  year = {2023}
}

@article{Abboud2021,
  author = {Abboud, R. and Ceylan, İ. İ. and Grohe, M. and Lukasiewicz, T.},
  title = {The Surprising Power of Graph Neural Networks with Random Node Initialization},
  journal = {arXiv preprint arXiv:2010.01179},
  year = {2021}
}

%%%%%%%%%%%%%%%%%%%%%%%%%%%%%%%%%%%%%%%%
% GNN TEMPORELS
%%%%%%%%%%%%%%%%%%%%%%%%%%%%%%%%%%%%%%%%

@inproceedings{Rossi2020,
  author = {Rossi, Emanuele and Chamberlain, Ben and Frasca, Fabrizio and Eynard, Davide and Monti, Federico and Bronstein, Michael},
  title = {Temporal Graph Networks for Deep Learning on Dynamic Graphs},
  booktitle = {ICML Workshop on Graph Representation Learning},
  year = {2020}
}

@inproceedings{Xu2020TGN,
  author = {Xu, Da and Ruan, Chuanwei and Korpeoglu, Evren and Kumar, Sushant and Achan, Kannan},
  title = {Inductive Representation Learning on Temporal Graphs},
  booktitle = {International Conference on Learning Representations (ICLR)},
  year = {2020}
}

@article{Kazemi2020,
  author = {Kazemi, Seyed Mehran and Goel, Rishab and Jain, Kshitij and Kobyzev, Ivan and Sethi, Akshay and Forsyth, Peter and Poupart, Pascal},
  title = {Representation Learning for Dynamic Graphs: A Survey},
  journal = {Journal of Machine Learning Research},
  volume = {21},
  number = {70},
  pages = {1--73},
  year = {2020}
}

%%%%%%%%%%%%%%%%%%%%%%%%%%%%%%%%%%%%%%%%
% GRAPH TRANSFORMERS
%%%%%%%%%%%%%%%%%%%%%%%%%%%%%%%%%%%%%%%%

@article{Dwivedi2021,
  author = {Dwivedi, V. P. and Bresson, X.},
  title = {A Generalization of Transformer Networks to Graphs},
  journal = {arXiv preprint arXiv:2012.09699},
  year = {2021}
}

@article{Rampasek2023,
  author = {Rampášek, L. and Galkin, M. and Dwivedi, V. P. and Luu, A. T. and Wolf, G. and Beaini, D.},
  title = {Recipe for a General, Powerful, Scalable Graph Transformer},
  journal = {arXiv preprint arXiv:2205.12454},
  year = {2023}
}

@article{Kreuzer2021,
  author = {Kreuzer, D. and Beaini, D. and Hamilton, W. L. and Létourneau, V. and Tossou, P.},
  title = {Rethinking Graph Transformers with Spectral Attention},
  journal = {arXiv preprint arXiv:2106.03893},
  year = {2021}
}

@article{Chen2022,
  author = {Chen, D. and O'Bray, L. and Borgwardt, K.},
  title = {Structure-Aware Transformer for Graph Representation Learning},
  journal = {arXiv preprint arXiv:2202.03036},
  year = {2022}
}

@article{Cai2023,
  author = {Cai, C. and Hy, T. S. and Yu, R. and Wang, Y.},
  title = {On the Connection Between MPNN and Graph Transformer},
  journal = {arXiv preprint arXiv:2301.11956},
  year = {2023}
}

%%%%%%%%%%%%%%%%%%%%%%%%%%%%%%%%%%%%%%%%
% TOPOLOGICAL DEEP LEARNING
%%%%%%%%%%%%%%%%%%%%%%%%%%%%%%%%%%%%%%%%

@article{Papillon2024,
  author = {Papillon, M. and Sanborn, S. and Hajij, M. and Miolane, N.},
  title = {Architectures of Topological Deep Learning: A Survey of Message-Passing Topological Neural Networks},
  journal = {arXiv preprint arXiv:2304.10031},
  year = {2024}
}

@article{Hajij2023,
  author = {Hajij, M. and others},
  title = {Topological Deep Learning: Going Beyond Graph Data},
  journal = {arXiv preprint arXiv:2206.00606},
  year = {2023}
}

@article{Bodnar2022CW,
  author = {Bodnar, C. and others},
  title = {Weisfeiler and Lehman Go Cellular: CW Networks},
  journal = {arXiv preprint arXiv:2106.12575},
  year = {2022}
}

@article{Bodnar2021Simplicial,
  author = {Bodnar, C. and others},
  title = {Weisfeiler and Lehman Go Topological: Message Passing Simplicial Networks},
  journal = {arXiv preprint arXiv:2103.03212},
  year = {2021}
}

%%%%%%%%%%%%%%%%%%%%%%%%%%%%%%%%%%%%%%%%
% SEGMENTATION ET DEEP LEARNING MÉDICAL
%%%%%%%%%%%%%%%%%%%%%%%%%%%%%%%%%%%%%%%%

@article{Nunes2024,
  author = {Nunes, J. D. and Montezuma, D. and Oliveira, D. and Pereira, T. and Cardoso, J. S.},
  title = {A Survey on Cell Nuclei Instance Segmentation and Classification: Leveraging Context and Attention},
  journal = {arXiv preprint arXiv:2407.18673},
  year = {2024}
}

@article{Wang2022Segmentation,
  author = {Wang, A. and others},
  title = {A novel deep learning-based 3D cell segmentation framework for future image-based disease detection},
  journal = {Scientific Reports},
  volume = {12},
  number = {1},
  pages = {342},
  year = {2022},
  doi = {10.1038/s41598-021-04048-3}
}

@article{Rayed2024,
  author = {Rayed, Md. E. and Islam, S. M. S. and Niha, S. I. and Jim, J. R. and Kabir, M. M. and Mridha, M. F.},
  title = {Deep learning for medical image segmentation: State-of-the-art advancements and challenges},
  journal = {Informatics in Medicine Unlocked},
  volume = {47},
  pages = {101504},
  year = {2024},
  doi = {10.1016/j.imu.2024.101504}
}

@article{Zhou2019DL,
  author = {Zhou, S. K. and Greenspan, H. and Shen, D.},
  title = {Deep Learning for Medical Image Analysis},
  publisher = {Elsevier/Academic Press},
  year = {2019}
}

@article{Kirsten2023,
  author = {Kirsten, L. N. and Jung, C. R.},
  title = {Cell Tracking-by-detection using Elliptical Bounding Boxes},
  journal = {arXiv preprint arXiv:2310.04895},
  year = {2023}
}

@article{Kleinberg2022,
  author = {Kleinberg, G. and Wang, S. and Comellas, E. and Monaghan, J. R. and Shefelbine, S. J.},
  title = {Usability of deep learning pipelines for 3D nuclei identification with Stardist and Cellpose},
  journal = {Cells \& Development},
  volume = {172},
  pages = {203806},
  year = {2022},
  doi = {10.1016/j.cdev.2022.203806}
}

@article{Weigert2022,
  author = {Weigert, M. and Schmidt, U.},
  title = {Nuclei instance segmentation and classification in histopathology images with StarDist},
  booktitle = {2022 IEEE International Symposium on Biomedical Imaging Challenges (ISBIC)},
  pages = {1--4},
  year = {2022},
  doi = {10.1109/ISBIC56247.2022.9854534}
}

%%%%%%%%%%%%%%%%%%%%%%%%%%%%%%%%%%%%%%%%
% APPLICATIONS BIOLOGIQUES DES GNN
%%%%%%%%%%%%%%%%%%%%%%%%%%%%%%%%%%%%%%%%

@article{Lecca2023,
  author = {Lecca, P. and Lecca, M.},
  title = {Graph embedding and geometric deep learning relevance to network biology and structural chemistry},
  journal = {Frontiers in Artificial Intelligence},
  volume = {6},
  pages = {1256352},
  year = {2023},
  doi = {10.3389/frai.2023.1256352}
}

@article{Zhang2021GNN,
  author = {Zhang, X.-M. and Liang, L. and Liu, L. and Tang, M.-J.},
  title = {Graph Neural Networks and Their Current Applications in Bioinformatics},
  journal = {Frontiers in Genetics},
  volume = {12},
  pages = {690049},
  year = {2021},
  doi = {10.3389/fgene.2021.690049}
}

@article{Brussee2024,
  author = {Brussee, S. and Buzzanca, G. and Schrader, A. M. R. and Kers, J.},
  title = {Graph Neural Networks in Histopathology: Emerging Trends and Future Directions},
  journal = {arXiv preprint arXiv:2406.12808},
  year = {2024}
}

@article{Luo2024,
  author = {Luo, X. and others},
  title = {Graph Neural Networks for Brain Graph Learning: A Survey},
  journal = {arXiv preprint arXiv:2406.02594},
  year = {2024}
}

@article{Bessadok2022,
  author = {Bessadok, A. and Mahjoub, M. A. and Rekik, I.},
  title = {Graph Neural Networks in Network Neuroscience},
  journal = {arXiv preprint arXiv:2106.03535},
  year = {2022}
}

@article{Shahir2024,
  author = {Shahir, J. A. and Stanley, N. and Purvis, J. E.},
  title = {Cellograph: a semi-supervised approach to analyzing multi-condition single-cell RNA-sequencing data using graph neural networks},
  journal = {BMC Bioinformatics},
  volume = {25},
  number = {1},
  pages = {25},
  year = {2024},
  doi = {10.1186/s12859-024-05641-9}
}

%%%%%%%%%%%%%%%%%%%%%%%%%%%%%%%%%%%%%%%%
% ÉQUIVARIANCE ET ALGÈBRE
%%%%%%%%%%%%%%%%%%%%%%%%%%%%%%%%%%%%%%%%

@article{Ruhe2023Clifford,
  author = {Ruhe, D. and Brandstetter, J. and Forré, P.},
  title = {Clifford Group Equivariant Neural Networks},
  journal = {arXiv preprint arXiv:2305.11141},
  year = {2023}
}

@article{Brehmer2023GAT,
  author = {Brehmer, J. and de Haan, P. and Behrends, S. and Cohen, T.},
  title = {Geometric Algebra Transformer},
  journal = {arXiv preprint arXiv:2305.18415},
  year = {2023}
}

@article{Ruhe2023GCA,
  author = {Ruhe, D. and Gupta, J. K. and de Keninck, S. and Welling, M. and Brandstetter, J.},
  title = {Geometric Clifford Algebra Networks},
  journal = {arXiv preprint arXiv:2302.06594},
  year = {2023}
}

@article{Maron2019,
  author = {Maron, H. and Ben-Hamu, H. and Shamir, N. and Lipman, Y.},
  title = {Invariant and Equivariant Graph Networks},
  journal = {arXiv preprint arXiv:1812.09902},
  year = {2019}
}

@article{Deng2021,
  author = {Deng, C. and Litany, O. and Duan, Y. and Poulenard, A. and Tagliasacchi, A. and Guibas, L.},
  title = {Vector Neurons: A General Framework for SO(3)-Equivariant Networks},
  journal = {arXiv preprint arXiv:2104.12229},
  year = {2021}
}

@article{Weiler2021,
  author = {Weiler, M.},
  title = {Equivariant and Coordinate Independent Convolutional Networks},
  year = {2021}
}

@article{Geiger2022,
  author = {Geiger, M. and Smidt, T.},
  title = {e3nn: Euclidean Neural Networks},
  journal = {arXiv preprint arXiv:2207.09453},
  year = {2022}
}

%%%%%%%%%%%%%%%%%%%%%%%%%%%%%%%%%%%%%%%%
% GRAPHES EN HISTOPATHOLOGIE
%%%%%%%%%%%%%%%%%%%%%%%%%%%%%%%%%%%%%%%%

@inproceedings{Zhou2019,
  author = {Zhou, Yan and Graham, Simon and Alemi Koohbanani, Navid and Shaban, Muhammad and Heng, Pheng-Ann and Rajpoot, Nasir},
  title = {CGC-Net: Cell Graph Convolutional Network for Grading of Colorectal Cancer Histology Images},
  booktitle = {IEEE International Conference on Computer Vision Workshops},
  pages = {388--398},
  year = {2019}
}

@inproceedings{Jaume2021,
  author = {Jaume, Guillaume and Pati, Pushpak and Anklin, Valentin and Foncubierta, Antonio and Gabrani, Maria},
  title = {HistoCartography: A Toolkit for Graph Analytics in Digital Pathology},
  booktitle = {MICCAI Workshop on Computational Pathology},
  pages = {117--128},
  year = {2021}
}

@article{Pati2022,
  author = {Pati, Pushpak and Jaume, Guillaume and Foncubierta, Antonio and Feroce, Florinda and Anniciello, Anna Maria and Scognamiglio, Giosuè and Brancati, Nadia and Fiche, Maryse and Dubruc, Estelle and Riccio, Daniel and others},
  title = {Hierarchical graph representations in digital pathology},
  journal = {Medical Image Analysis},
  volume = {75},
  pages = {102264},
  year = {2022}
}

%%%%%%%%%%%%%%%%%%%%%%%%%%%%%%%%%%%%%%%%
% EXPRESSIVITÉ ET THÉORIE GNN
%%%%%%%%%%%%%%%%%%%%%%%%%%%%%%%%%%%%%%%%

@article{Morris2019,
  author = {Morris, Christopher and Ritzert, Martin and Fey, Matthias and Hamilton, William L and Lenssen, Jan Eric and Rattan, Gaurav and Grohe, Martin},
  title = {Weisfeiler and Leman Go Neural: Higher-order Graph Neural Networks},
  journal = {AAAI Conference on Artificial Intelligence},
  volume = {33},
  pages = {4602--4609},
  year = {2019}
}

@inproceedings{Alon2021,
  author = {Alon, Uri and Yahav, Eran},
  title = {On the Bottleneck of Graph Neural Networks and its Practical Implications},
  booktitle = {International Conference on Learning Representations (ICLR)},
  year = {2021}
}

@inproceedings{Oono2020,
  author = {Oono, Kenta and Suzuki, Taiji},
  title = {Graph Neural Networks Exponentially Lose Expressive Power for Node Classification},
  booktitle = {International Conference on Learning Representations (ICLR)},
  year = {2020}
}

%%%%%%%%%%%%%%%%%%%%%%%%%%%%%%%%%%%%%%%%
% IMAGERIE ET MICROSCOPIE
%%%%%%%%%%%%%%%%%%%%%%%%%%%%%%%%%%%%%%%%

@article{Huisken2004,
  author = {Huisken, Jan and Swoger, Jim and Del Bene, Filippo and Wittbrodt, Joachim and Stelzer, Ernst HK},
  title = {Optical sectioning deep inside live embryos by selective plane illumination microscopy},
  journal = {Science},
  volume = {305},
  number = {5686},
  pages = {1007--1009},
  year = {2004}
}

@article{Chung2010,
  author = {Chung, Kwanghun and Wallace, Jenelle and Kim, Sung-Yon and others},
  title = {Structural and molecular interrogation of intact biological systems},
  journal = {Nature},
  volume = {497},
  pages = {332--337},
  year = {2013}
}

@article{Chen2015,
  author = {Chen, Fei and Tillberg, Paul W and Boyden, Edward S},
  title = {Expansion microscopy},
  journal = {Science},
  volume = {347},
  number = {6221},
  pages = {543--548},
  year = {2015}
}

%%%%%%%%%%%%%%%%%%%%%%%%%%%%%%%%%%%%%%%%
% MACHINE LEARNING MÉDICAL
%%%%%%%%%%%%%%%%%%%%%%%%%%%%%%%%%%%%%%%%

@article{Litjens2017,
  author = {Litjens, Geert and Kooi, Thijs and Bejnordi, Babak Ehteshami and Setio, Arnaud Arindra Adiyoso and Ciompi, Francesco and Ghafoorian, Mohsen and Van Der Laak, Jeroen AWM and Van Ginneken, Bram and Sánchez, Clara I},
  title = {A survey on deep learning in medical image analysis},
  journal = {Medical Image Analysis},
  volume = {42},
  pages = {60--88},
  year = {2017}
}

%%%%%%%%%%%%%%%%%%%%%%%%%%%%%%%%%%%%%%%%
% ANALYSE D'ORGANOÏDES PAR IA
%%%%%%%%%%%%%%%%%%%%%%%%%%%%%%%%%%%%%%%%

@article{Bai2023,
  author = {Bai, L. and Wu, Y. and Li, G. and Zhang, W. and Zhang, H. and Su, J.},
  title = {AI-enabled organoids: Construction, analysis, and application},
  journal = {Bioactive Materials},
  volume = {31},
  pages = {525--548},
  year = {2023},
  month = {September},
  doi = {10.1016/j.bioactmat.2023.09.005}
}

@article{Laussu2024,
  author = {Laussu, J. and others},
  title = {Cell Centred Finite Element Model for Intestinal Organoids Shape Analysis: From tissue architecture to mechanics},
  journal = {In preparation},
  year = {2024}
}

@article{Park2023,
  author = {Park, T. and Kim, T. K. and Han, Y. D. and Kim, K.-A. and Kim, H. and Kim, H. S.},
  title = {Development of a deep learning based image processing tool for enhanced organoid analysis},
  journal = {Scientific Reports},
  volume = {13},
  number = {1},
  pages = {19841},
  year = {2023},
  month = {November},
  doi = {10.1038/s41598-023-46485-2}
}

@article{Wilson2022,
  author = {Wilson, S. B. and others},
  title = {DevKidCC allows for robust classification and direct comparisons of kidney organoid datasets},
  journal = {Genome Medicine},
  volume = {14},
  number = {1},
  pages = {19},
  year = {2022},
  month = {February},
  doi = {10.1186/s13073-022-01023-z}
}

@article{Du2023,
  author = {Du, X. and others},
  title = {Organoids revealed: morphological analysis of the profound next generation in-vitro model with artificial intelligence},
  journal = {Bio-Design and Manufacturing},
  volume = {6},
  number = {3},
  pages = {319--339},
  year = {2023},
  month = {May},
  doi = {10.1007/s42242-022-00226-y}
}

@article{Haja2023,
  author = {Haja, A. and Horcas-Nieto, J. M. and Bakker, B. M. and Schomaker, L.},
  title = {Towards automatization of organoid analysis: A deep learning approach to localize and quantify organoid images},
  journal = {Computer Methods and Programs in Biomedicine Update},
  volume = {3},
  pages = {100101},
  year = {2023},
  doi = {10.1016/j.cmpbup.2023.100101}
}

@article{Esteva2019,
  author = {Esteva, Andre and Robicquet, Alexandre and Ramsundar, Bharath and Kuleshov, Volodymyr and DePristo, Mark and Chou, Katherine and Cui, Claire and Corrado, Greg and Thrun, Sebastian and Dean, Jeff},
  title = {A guide to deep learning in healthcare},
  journal = {Nature Medicine},
  volume = {25},
  pages = {24--29},
  year = {2019}
}

%%%%%%%%%%%%%%%%%%%%%%%%%%%%%%%%%%%%%%%%
% TRANSFER LEARNING ET FEW-SHOT
%%%%%%%%%%%%%%%%%%%%%%%%%%%%%%%%%%%%%%%%

@article{Pan2010,
  author = {Pan, Sinno Jialin and Yang, Qiang},
  title = {A Survey on Transfer Learning},
  journal = {IEEE Transactions on Knowledge and Data Engineering},
  volume = {22},
  number = {10},
  pages = {1345--1359},
  year = {2010}
}

%%%%%%%%%%%%%%%%%%%%%%%%%%%%%%%%%%%%%%%%
% DOMAIN ADAPTATION
%%%%%%%%%%%%%%%%%%%%%%%%%%%%%%%%%%%%%%%%

@inproceedings{Ganin2015,
  author = {Ganin, Yaroslav and Lempitsky, Victor},
  title = {Unsupervised Domain Adaptation by Backpropagation},
  booktitle = {International Conference on Machine Learning (ICML)},
  pages = {1180--1189},
  year = {2015}
}

@article{Ganin2016,
  author = {Ganin, Yaroslav and Ustinova, Evgeniya and Ajakan, Hana and Germain, Pascal and Larochelle, Hugo and Laviolette, François and Marchand, Mario and Lempitsky, Victor},
  title = {Domain-Adversarial Training of Neural Networks},
  journal = {Journal of Machine Learning Research},
  volume = {17},
  number = {59},
  pages = {1--35},
  year = {2016}
}

%%%%%%%%%%%%%%%%%%%%%%%%%%%%%%%%%%%%%%%%
% META-LEARNING
%%%%%%%%%%%%%%%%%%%%%%%%%%%%%%%%%%%%%%%%

@inproceedings{Finn2017,
  author = {Finn, Chelsea and Abbeel, Pieter and Levine, Sergey},
  title = {Model-Agnostic Meta-Learning for Fast Adaptation of Deep Networks},
  booktitle = {International Conference on Machine Learning (ICML)},
  pages = {1126--1135},
  year = {2017}
}

@article{Hospedales2021,
  author = {Hospedales, Timothy and Antoniou, Antreas and Micaelli, Paul and Storkey, Amos},
  title = {Meta-Learning in Neural Networks: A Survey},
  journal = {IEEE Transactions on Pattern Analysis and Machine Intelligence},
  volume = {44},
  number = {9},
  pages = {5149--5169},
  year = {2022},
  doi = {10.1109/TPAMI.2021.3079209}
}

@article{Weiss2016,
  author = {Weiss, Karl and Khoshgoftaar, Taghi M and Wang, DingDing},
  title = {A survey of transfer learning},
  journal = {Journal of Big Data},
  volume = {3},
  pages = {1--40},
  year = {2016}
}

%%%%%%%%%%%%%%%%%%%%%%%%%%%%%%%%%%%%%%%%
% INTERPRÉTABILITÉ
%%%%%%%%%%%%%%%%%%%%%%%%%%%%%%%%%%%%%%%%

@article{Selvaraju2017,
  author = {Selvaraju, Ramprasaath R and Cogswell, Michael and Das, Abhishek and Vedantam, Ramakrishna and Parikh, Devi and Batra, Dhruv},
  title = {Grad-CAM: Visual Explanations from Deep Networks via Gradient-based Localization},
  booktitle = {IEEE International Conference on Computer Vision (ICCV)},
  pages = {618--626},
  year = {2017}
}

@inproceedings{Ying2019,
  author = {Ying, Rex and Bourgeois, Dylan and You, Jiaxuan and Zitnik, Marinka and Leskovec, Jure},
  title = {GNNExplainer: Generating Explanations for Graph Neural Networks},
  booktitle = {Advances in Neural Information Processing Systems},
  pages = {9244--9255},
  year = {2019}
}

%%%%%%%%%%%%%%%%%%%%%%%%%%%%%%%%%%%%%%%%
% ARCHITECTURES SPÉCIFIQUES
%%%%%%%%%%%%%%%%%%%%%%%%%%%%%%%%%%%%%%%%

@inproceedings{Ying2018,
  author = {Ying, Rex and You, Jiaxuan and Morris, Christopher and Ren, Xiang and Hamilton, William L and Leskovec, Jure},
  title = {Hierarchical Graph Representation Learning with Differentiable Pooling},
  booktitle = {Advances in Neural Information Processing Systems},
  pages = {4800--4810},
  year = {2018}
}

%%%%%%%%%%%%%%%%%%%%%%%%%%%%%%%%%%%%%%%%
% ÉCHANTILLONNAGE DE GRAPHES
%%%%%%%%%%%%%%%%%%%%%%%%%%%%%%%%%%%%%%%%

@inproceedings{Chiang2019,
  author = {Chiang, Wei-Lin and Liu, Xuanqing and Si, Si and Li, Yang and Bengio, Samy and Hsieh, Cho-Jui},
  title = {Cluster-GCN: An Efficient Algorithm for Training Deep and Large Graph Convolutional Networks},
  booktitle = {ACM SIGKDD Conference on Knowledge Discovery and Data Mining},
  pages = {257--266},
  year = {2019},
  doi = {10.1145/3292500.3330925}
}

@inproceedings{Zeng2020,
  author = {Zeng, Hanqing and Zhou, Hongkuan and Srivastava, Ajitesh and Kannan, Rajgopal and Prasanna, Viktor},
  title = {GraphSAINT: Graph Sampling Based Inductive Learning Method},
  booktitle = {International Conference on Learning Representations (ICLR)},
  year = {2020}
}

@article{Li2019,
  author = {Li, Guohao and Müller, Matthias and Thabet, Ali and Ghanem, Bernard},
  title = {DeepGCNs: Can GCNs Go as Deep as CNNs?},
  booktitle = {IEEE International Conference on Computer Vision (ICCV)},
  pages = {9267--9276},
  year = {2019}
}

@inproceedings{Xu2018,
  author = {Xu, Keyulu and Li, Chengtao and Tian, Yonglong and Sonobe, Tomohiro and Kawarabayashi, Ken-ichi and Jegelka, Stefanie},
  title = {Representation Learning on Graphs with Jumping Knowledge Networks},
  booktitle = {International Conference on Machine Learning (ICML)},
  pages = {5453--5462},
  year = {2018}
}

%%%%%%%%%%%%%%%%%%%%%%%%%%%%%%%%%%%%%%%%
% MOLÉCULES ET CHIMIE
%%%%%%%%%%%%%%%%%%%%%%%%%%%%%%%%%%%%%%%%

@article{Schutt2018,
  author = {Schütt, Kristof T and Sauceda, Huziel E and Kindermans, Pieter-Jan and Tkatchenko, Alexandre and Müller, Klaus-Robert},
  title = {SchNet--A deep learning architecture for molecules and materials},
  journal = {The Journal of Chemical Physics},
  volume = {148},
  pages = {241722},
  year = {2018}
}

@inproceedings{Gasteiger2020,
  author = {Gasteiger, Johannes and Groß, Janek and Günnemann, Stephan},
  title = {Directional Message Passing for Molecular Graphs},
  booktitle = {International Conference on Learning Representations (ICLR)},
  year = {2020}
}

@inproceedings{Schutt2021,
  author = {Schütt, Kristof T and Unke, Oliver T and Gastegger, Michael},
  title = {Equivariant message passing for the prediction of tensorial properties and molecular spectra},
  booktitle = {International Conference on Machine Learning (ICML)},
  pages = {9377--9388},
  year = {2021}
}

@inproceedings{Batzner2022,
  author = {Batzner, Simon and Musaelian, Albert and Sun, Lixin and Geiger, Mario and Mailoa, Jonathan P and Kornbluth, Mordechai and Molinari, Nicola and Smidt, Tess E and Kozinsky, Boris},
  title = {E(3)-equivariant graph neural networks for data-efficient and accurate interatomic potentials},
  booktitle = {Nature Communications},
  volume = {13},
  pages = {2453},
  year = {2022},
  note = {NequIP}
}

@inproceedings{Thomas2018,
  author = {Thomas, Nathaniel and Smidt, Tess and Kearnes, Steven and Yang, Lusann and Li, Li and Kohlhoff, Kai and Riley, Patrick},
  title = {Tensor field networks: Rotation- and translation-equivariant neural networks for 3D point clouds},
  booktitle = {arXiv preprint arXiv:1802.08219},
  year = {2018}
}

@inproceedings{Anderson2019,
  author = {Anderson, Brandon and Hy, Truong Son and Kondor, Risi},
  title = {Cormorant: Covariant Molecular Neural Networks},
  booktitle = {Advances in Neural Information Processing Systems (NeurIPS)},
  volume = {32},
  year = {2019}
}

@inproceedings{Fuchs2020,
  author = {Fuchs, Fabian and Worrall, Daniel and Fischer, Volker and Welling, Max},
  title = {SE(3)-Transformers: 3D Roto-Translation Equivariant Attention Networks},
  booktitle = {Advances in Neural Information Processing Systems (NeurIPS)},
  volume = {33},
  pages = {1970--1981},
  year = {2020}
}

@inproceedings{Ying2021,
  author = {Ying, Chengxuan and Cai, Tianle and Luo, Shengjie and Zheng, Shuxin and Ke, Guolin and He, Di and Shen, Yanming and Liu, Tie-Yan},
  title = {Do Transformers Really Perform Badly for Graph Representation?},
  booktitle = {Advances in Neural Information Processing Systems (NeurIPS)},
  volume = {34},
  pages = {28877--28888},
  year = {2021}
}

%%%%%%%%%%%%%%%%%%%%%%%%%%%%%%%%%%%%%%%%
% ANALYSE SPATIALE ET BIOLOGIE
%%%%%%%%%%%%%%%%%%%%%%%%%%%%%%%%%%%%%%%%

@article{Matern1960,
  author = {Matérn, Bertil},
  title = {Spatial Variation: Stochastic Models and Their Application to Some Problems in Forest Surveys and Other Sampling Investigations},
  journal = {Meddelanden från Statens Skogsforskningsinstitut},
  volume = {49},
  pages = {1--144},
  year = {1960}
}

@article{Strauss1975,
  author = {Strauss, David J},
  title = {A model for clustering},
  journal = {Biometrika},
  volume = {62},
  number = {2},
  pages = {467--475},
  year = {1975}
}

@article{Baddeley2005,
  author = {Baddeley, Adrian and Turner, Rolf},
  title = {spatstat: An R Package for Analyzing Spatial Point Patterns},
  journal = {Journal of Statistical Software},
  volume = {12},
  number = {6},
  pages = {1--42},
  year = {2005}
}

%%%%%%%%%%%%%%%%%%%%%%%%%%%%%%%%%%%%%%%%
% BENCHMARKS ET DATASETS
%%%%%%%%%%%%%%%%%%%%%%%%%%%%%%%%%%%%%%%%

@article{Ulman2017,
  author = {Ulman, Vladimír and Maška, Martin and Magnusson, Klas EG and others},
  title = {An objective comparison of cell-tracking algorithms},
  journal = {Nature Methods},
  volume = {14},
  pages = {1141--1152},
  year = {2017}
}

@inproceedings{Caicedo2019,
  author = {Caicedo, Juan C and Goodman, Allen and Karhohs, Kyle W and Cimini, Beth A and Ackerman, Jeanelle and Haghighi, Marzieh and Heng, CherKeng and Becker, Tim and Doan, Minh and McQuin, Claire and others},
  title = {Nucleus segmentation across imaging experiments: the 2018 Data Science Bowl},
  journal = {Nature Methods},
  volume = {16},
  pages = {1247--1253},
  year = {2019}
}

%%%%%%%%%%%%%%%%%%%%%%%%%%%%%%%%%%%%%%%%
% MÉDECINE PERSONNALISÉE
%%%%%%%%%%%%%%%%%%%%%%%%%%%%%%%%%%%%%%%%

@article{Vlachogiannis2018,
  author = {Vlachogiannis, Georgios and Hedayat, Somaieh and Vatsiou, Aliki and others},
  title = {Patient-derived organoids model treatment response of metastatic gastrointestinal cancers},
  journal = {Science},
  volume = {359},
  number = {6378},
  pages = {920--926},
  year = {2018}
}

@article{Tiriac2018,
  author = {Tiriac, Hervé and Belleau, Pascal and Engle, Dannielle D and others},
  title = {Organoid Profiling Identifies Common Responders to Chemotherapy in Pancreatic Cancer},
  journal = {Cancer Discovery},
  volume = {8},
  number = {9},
  pages = {1112--1129},
  year = {2018}
}

%%%%%%%%%%%%%%%%%%%%%%%%%%%%%%%%%%%%%%%%
% COMPUTER VISION 3D
%%%%%%%%%%%%%%%%%%%%%%%%%%%%%%%%%%%%%%%%

@inproceedings{Zaheer2017,
  author = {Zaheer, Manzil and Kottur, Satwik and Ravanbakhsh, Siamak and Poczos, Barnabas and Salakhutdinov, Russ R and Smola, Alexander J},
  title = {Deep Sets},
  booktitle = {Advances in Neural Information Processing Systems},
  pages = {3391--3401},
  year = {2017}
}

@inproceedings{Qi2017,
  author = {Qi, Charles R and Su, Hao and Mo, Kaichun and Guibas, Leonidas J},
  title = {PointNet: Deep Learning on Point Sets for 3D Classification and Segmentation},
  booktitle = {IEEE Conference on Computer Vision and Pattern Recognition (CVPR)},
  pages = {652--660},
  year = {2017}
}

@inproceedings{Qi2017b,
  author = {Qi, Charles Ruizhongtai and Yi, Li and Su, Hao and Guibas, Leonidas J},
  title = {PointNet++: Deep Hierarchical Feature Learning on Point Sets in a Metric Space},
  booktitle = {Advances in Neural Information Processing Systems},
  pages = {5099--5108},
  year = {2017}
}

%%%%%%%%%%%%%%%%%%%%%%%%%%%%%%%%%%%%%%%%
% TEXTURE ET FEATURES CLASSIQUES
%%%%%%%%%%%%%%%%%%%%%%%%%%%%%%%%%%%%%%%%

@article{Haralick1973,
  author = {Haralick, Robert M and Shanmugam, K and Dinstein, Its'Hak},
  title = {Textural Features for Image Classification},
  journal = {IEEE Transactions on Systems, Man, and Cybernetics},
  volume = {SMC-3},
  number = {6},
  pages = {610--621},
  year = {1973},
  doi = {10.1109/TSMC.1973.4309314}
}

@article{Ojala2002,
  author = {Ojala, Timo and Pietikäinen, Matti and Mäenpää, Topi},
  title = {Multiresolution Gray-Scale and Rotation Invariant Texture Classification with Local Binary Patterns},
  journal = {IEEE Transactions on Pattern Analysis and Machine Intelligence},
  volume = {24},
  number = {7},
  pages = {971--987},
  year = {2002},
  doi = {10.1109/TPAMI.2002.1017623}
}

@article{Fogel1989,
  author = {Fogel, Itzhak and Sagi, Dov},
  title = {Gabor filters as texture discriminator},
  journal = {Biological Cybernetics},
  volume = {61},
  number = {2},
  pages = {103--113},
  year = {1989},
  doi = {10.1007/BF00204594}
}

%%%%%%%%%%%%%%%%%%%%%%%%%%%%%%%%%%%%%%%%
% SYNTHETIC DATA ET SIMULATION
%%%%%%%%%%%%%%%%%%%%%%%%%%%%%%%%%%%%%%%%

@article{Shorten2019,
  author = {Shorten, Connor and Khoshgoftaar, Taghi M},
  title = {A survey on Image Data Augmentation for Deep Learning},
  journal = {Journal of Big Data},
  volume = {6},
  pages = {60},
  year = {2019}
}

@inproceedings{Karras2019,
  author = {Karras, Tero and Laine, Samuli and Aila, Timo},
  title = {A Style-Based Generator Architecture for Generative Adversarial Networks},
  booktitle = {IEEE Conference on Computer Vision and Pattern Recognition (CVPR)},
  pages = {4401--4410},
  year = {2019}
}

%%%%%%%%%%%%%%%%%%%%%%%%%%%%%%%%%%%%%%%%
% OUTILS ET LOGICIELS
%%%%%%%%%%%%%%%%%%%%%%%%%%%%%%%%%%%%%%%%

@article{Fey2019,
  author = {Fey, Matthias and Lenssen, Jan Eric},
  title = {Fast Graph Representation Learning with PyTorch Geometric},
  journal = {arXiv preprint arXiv:1903.02428},
  year = {2019}
}

@inproceedings{Paszke2019,
  author = {Paszke, Adam and Gross, Sam and Massa, Francisco and others},
  title = {PyTorch: An Imperative Style, High-Performance Deep Learning Library},
  booktitle = {Advances in Neural Information Processing Systems},
  pages = {8024--8035},
  year = {2019}
}

@article{VanDerWalt2014,
  author = {Van der Walt, Stéfan and Schönberger, Johannes L and Nunez-Iglesias, Juan and Boulogne, François and Warner, Joshua D and Yager, Neil and Gouillart, Emmanuelle and Yu, Tony},
  title = {scikit-image: image processing in Python},
  journal = {PeerJ},
  volume = {2},
  pages = {e453},
  year = {2014}
}

@article{scipy,
  author = {Virtanen, Pauli and Gommers, Ralf and Oliphant, Travis E and Haberland, Matt and Reddy, Tyler and Cournapeau, David and Burovski, Evgeni and Peterson, Pearu and Weckesser, Warren and Bright, Jonathan and {van der Walt}, Stéfan J and Brett, Matthew and Wilson, Joshua and Millman, K Jarrod and Mayorov, Nikolay and Nelson, Andrew R J and Jones, Eric and Kern, Robert and Larson, Eric and Carey, C J and Polat, İlhan and Feng, Yu and Moore, Eric W and VanderPlas, Jake and Laxalde, Denis and Perktold, Josef and Cimrman, Robert and Henriksen, Ian and Quintero, E A and Harris, Charles R and Archibald, Anne M and Ribeiro, Antônio H and Pedregosa, Fabian and {van Mulbregt}, Paul},
  title = {SciPy 1.0: fundamental algorithms for scientific computing in Python},
  journal = {Nature Methods},
  volume = {17},
  pages = {261--272},
  year = {2020},
  doi = {10.1038/s41592-019-0686-2}
}

%%%%%%%%%%%%%%%%%%%%%%%%%%%%%%%%%%%%%%%%
% SPATIAL TRANSCRIPTOMICS
%%%%%%%%%%%%%%%%%%%%%%%%%%%%%%%%%%%%%%%%

@article{Stahl2016,
  author = {Ståhl, Patrik L and Salmén, Fredrik and Vickovic, Sanja and others},
  title = {Visualization and analysis of gene expression in tissue sections by spatial transcriptomics},
  journal = {Science},
  volume = {353},
  number = {6294},
  pages = {78--82},
  year = {2016}
}

@article{Moffitt2018,
  author = {Moffitt, Jeffrey R and Bambah-Mukku, Dhananjay and Eichhorn, Stephen W and others},
  title = {Molecular, spatial, and functional single-cell profiling of the hypothalamic preoptic region},
  journal = {Science},
  volume = {362},
  number = {6416},
  year = {2018}
}

%%%%%%%%%%%%%%%%%%%%%%%%%%%%%%%%%%%%%%%%
% ÉQUATIONS ET PHYSIQUE
%%%%%%%%%%%%%%%%%%%%%%%%%%%%%%%%%%%%%%%%

@article{Greydanus2019,
  author = {Greydanus, Samuel and Dzamba, Misko and Yosinski, Jason},
  title = {Hamiltonian Neural Networks},
  booktitle = {Advances in Neural Information Processing Systems},
  pages = {15379--15389},
  year = {2019}
}

@inproceedings{Sanchez2020,
  author = {Sánchez-González, Alvaro and Godwin, Jonathan and Pfaff, Tobias and Ying, Rex and Leskovec, Jure and Battaglia, Peter},
  title = {Learning to Simulate Complex Physics with Graph Networks},
  booktitle = {International Conference on Machine Learning (ICML)},
  pages = {8459--8468},
  year = {2020}
}

%%%%%%%%%%%%%%%%%%%%%%%%%%%%%%%%%%%%%%%%
% REVIEWS ET SURVEYS
%%%%%%%%%%%%%%%%%%%%%%%%%%%%%%%%%%%%%%%%

@article{Zhou2020,
  author = {Zhou, Jie and Cui, Ganqu and Hu, Shengding and Zhang, Zhengyan and Yang, Cheng and Liu, Zhiyuan and Wang, Lifeng and Li, Changcheng and Sun, Maosong},
  title = {Graph Neural Networks: A Review of Methods and Applications},
  journal = {AI Open},
  volume = {1},
  pages = {57--81},
  year = {2020}
}

@article{Battaglia2018,
  author = {Battaglia, Peter W and Hamrick, Jessica B and Bapst, Victor and Sanchez-Gonzalez, Alvaro and Zambaldi, Vinicius and Malinowski, Mateusz and Tacchetti, Andrea and Raposo, David and Santoro, Adam and Faulkner, Ryan and others},
  title = {Relational inductive biases, deep learning, and graph networks},
  journal = {arXiv preprint arXiv:1806.01261},
  year = {2018}
}

@article{Musella2022,
  author = {Musella, Donatella and Gimenez, Germain and others},
  title = {Graph neural networks for spatial transcriptomics and histology: Methods review and new approaches},
  journal = {arXiv preprint arXiv:2209.12411},
  year = {2022}
}

%%%%%%%%%%%%%%%%%%%%%%%%%%%%%%%%%%%%%%%%
% NORMALISATION ET ROBUSTESSE
%%%%%%%%%%%%%%%%%%%%%%%%%%%%%%%%%%%%%%%%

@inproceedings{Ioffe2015,
  author = {Ioffe, Sergey and Szegedy, Christian},
  title = {Batch Normalization: Accelerating Deep Network Training by Reducing Internal Covariate Shift},
  booktitle = {International Conference on Machine Learning (ICML)},
  pages = {448--456},
  year = {2015}
}

@article{Ba2016,
  author = {Ba, Jimmy Lei and Kiros, Jamie Ryan and Hinton, Geoffrey E},
  title = {Layer Normalization},
  journal = {arXiv preprint arXiv:1607.06450},
  year = {2016}
}

%%%%%%%%%%%%%%%%%%%%%%%%%%%%%%%%%%%%%%%%
% MODÈLES GÉNÉRATIFS DE GRAPHES CLASSIQUES
%%%%%%%%%%%%%%%%%%%%%%%%%%%%%%%%%%%%%%%%

@article{Erdos1959,
  author = {Erdős, Paul and Rényi, Alfréd},
  title = {On Random Graphs I},
  journal = {Publicationes Mathematicae Debrecen},
  volume = {6},
  pages = {290--297},
  year = {1959}
}

@article{Barabasi1999,
  author = {Barabási, Albert-László and Albert, Réka},
  title = {Emergence of Scaling in Random Networks},
  journal = {Science},
  volume = {286},
  number = {5439},
  pages = {509--512},
  year = {1999},
  doi = {10.1126/science.286.5439.509}
}

@article{Watts1998,
  author = {Watts, Duncan J. and Strogatz, Steven H.},
  title = {Collective Dynamics of 'Small-World' Networks},
  journal = {Nature},
  volume = {393},
  number = {6684},
  pages = {440--442},
  year = {1998},
  doi = {10.1038/30918}
}

%%%%%%%%%%%%%%%%%%%%%%%%%%%%%%%%%%%%%%%%
% GÉOMÉTRIE COMPUTATIONNELLE
%%%%%%%%%%%%%%%%%%%%%%%%%%%%%%%%%%%%%%%%

@article{Edelsbrunner1994,
  author = {Edelsbrunner, Herbert and Mücke, Ernst P},
  title = {Three-dimensional alpha shapes},
  journal = {ACM Transactions on Graphics},
  volume = {13},
  number = {1},
  pages = {43--72},
  year = {1994},
  doi = {10.1145/174462.156635}
}

@article{Edelsbrunner1983,
  author = {Edelsbrunner, Herbert and Kirkpatrick, David and Seidel, Raimund},
  title = {On the shape of a set of points in the plane},
  journal = {IEEE Transactions on Information Theory},
  volume = {29},
  number = {4},
  pages = {551--559},
  year = {1983},
  doi = {10.1109/TIT.1983.1056714}
}

%%%%%%%%%%%%%%%%%%%%%%%%%%%%%%%%%%%%%%%%
% 3R ET ÉTHIQUE
%%%%%%%%%%%%%%%%%%%%%%%%%%%%%%%%%%%%%%%%

@book{Russell1959,
  author = {Russell, William MS and Burch, Rex L},
  title = {The Principles of Humane Experimental Technique},
  publisher = {Methuen},
  year = {1959}
}

%%%%%%%%%%%%%%%%%%%%%%%%%%%%%%%%%%%%%%%%
% ANALYSE D'ORGANOÏDES - COMPLÉMENTS
%%%%%%%%%%%%%%%%%%%%%%%%%%%%%%%%%%%%%%%%

@article{Matthews2022,
  author = {Matthews, Joshua M and Schuster, Brooke and Hazlett, Shannon K and Feng, Tong and Ahrendt, Cody J and Loza, Andrew J and Shergill, Brij and Wilking, James N and Eliceiri, Kevin W and Kimple, Randall J and Rosado-Olivieri, Edwin A and Kreeger, Pamela K and Beebe, David J},
  title = {OrganoID: A versatile deep learning platform for tracking and analysis of single-organoid dynamics},
  journal = {PLOS Computational Biology},
  volume = {18},
  number = {11},
  pages = {e1010584},
  year = {2022},
  doi = {10.1371/journal.pcbi.1010584}
}

@article{Kassis2019,
  author = {Kassis, Tyler and Hernandez-Gordillo, Victor and Langer, Robert and Griffith, Linda G},
  title = {OrgaQuant: Human Intestinal Organoid Localization and Quantification Using Deep Convolutional Neural Networks},
  journal = {Scientific Reports},
  volume = {9},
  number = {1},
  pages = {12479},
  year = {2019},
  doi = {10.1038/s41598-019-48874-y}
}

%%%%%%%%%%%%%%%%%%%%%%%%%%%%%%%%%%%%%%%%
% ÉQUIVARIANCE SE(3) - COMPLÉMENTS
%%%%%%%%%%%%%%%%%%%%%%%%%%%%%%%%%%%%%%%%

@inproceedings{Fuchs2020,
  author = {Fuchs, Fabian and Worrall, Daniel and Fischer, Volker and Welling, Max},
  title = {SE(3)-Transformers: 3D Roto-Translation Equivariant Attention Networks},
  booktitle = {Advances in Neural Information Processing Systems (NeurIPS)},
  volume = {33},
  pages = {1970--1981},
  year = {2020}
}

@article{Thomas2018,
  author = {Thomas, Nathaniel and Smidt, Tess and Kearnes, Steven and Yang, Lusann and Li, Li and Kohlhoff, Kai and Riley, Patrick},
  title = {Tensor field networks: Rotation- and translation-equivariant neural networks for 3D point clouds},
  journal = {arXiv preprint arXiv:1802.08219},
  year = {2018}
}

%%%%%%%%%%%%%%%%%%%%%%%%%%%%%%%%%%%%%%%%
% CLUSTERING ET APPRENTISSAGE NON-SUPERVISÉ
%%%%%%%%%%%%%%%%%%%%%%%%%%%%%%%%%%%%%%%%

@inproceedings{Xie2016,
  author = {Xie, Junyuan and Girshick, Ross and Farhadi, Ali},
  title = {Unsupervised Deep Embedding for Clustering Analysis},
  booktitle = {International Conference on Machine Learning (ICML)},
  pages = {478--487},
  year = {2016}
}

%%%%%%%%%%%%%%%%%%%%%%%%%%%%%%%%%%%%%%%%
% APPRENTISSAGE CONTRASTIF
%%%%%%%%%%%%%%%%%%%%%%%%%%%%%%%%%%%%%%%%

@inproceedings{Chen2020SimCLR,
  author = {Chen, Ting and Kornblith, Simon and Norouzi, Mohammad and Hinton, Geoffrey},
  title = {A Simple Framework for Contrastive Learning of Visual Representations},
  booktitle = {International Conference on Machine Learning (ICML)},
  pages = {1597--1607},
  year = {2020}
}

@inproceedings{You2020,
  author = {You, Yuning and Chen, Tianlong and Sui, Yongduo and Chen, Ting and Wang, Zhangyang and Shen, Yang},
  title = {Graph Contrastive Learning with Augmentations},
  booktitle = {Advances in Neural Information Processing Systems (NeurIPS)},
  volume = {33},
  pages = {5812--5823},
  year = {2020}
}

%%%%%%%%%%%%%%%%%%%%%%%%%%%%%%%%%%%%%%%%
% INTERPRÉTABILITÉ GNN
%%%%%%%%%%%%%%%%%%%%%%%%%%%%%%%%%%%%%%%%

@article{Yuan2020,
  author = {Yuan, Hao and Yu, Haiyang and Gui, Shurui and Ji, Shuiwang},
  title = {Explainability in graph neural networks: A taxonomic survey},
  journal = {IEEE Transactions on Pattern Analysis and Machine Intelligence},
  volume = {45},
  number = {5},
  pages = {5782--5799},
  year = {2023},
  doi = {10.1109/TPAMI.2022.3204236}
}

@inproceedings{Pope2019,
  author = {Pope, Phillip E and Kolouri, Soheil and Rostami, Mohammad and Martin, Charles E and Hoffmann, Heiko},
  title = {Explainability Methods for Graph Convolutional Neural Networks},
  booktitle = {IEEE/CVF Conference on Computer Vision and Pattern Recognition (CVPR)},
  pages = {10772--10781},
  year = {2019},
  doi = {10.1109/CVPR.2019.01103}
}

%%%%%%%%%%%%%%%%%%%%%%%%%%%%%%%%%%%%%%%%
% VOISINAGES CELLULAIRES ET GRAPHES SPATIAUX
%%%%%%%%%%%%%%%%%%%%%%%%%%%%%%%%%%%%%%%%

@article{Schurch2020,
  author = {Schürch, Christian M and Bhate, Salil S and Barlow, Graham L and Phillips, Darci J and Noti, Luca and Zlobec, Inti and Chu, Pauline and Black, Sarah and Demeter, Janos and McIlwain, David R and Kinoshita, Shigemi and Samusik, Nikolay and Goltsev, Yury and Nolan, Garry P},
  title = {Coordinated Cellular Neighborhoods Orchestrate Antitumoral Immunity at the Colorectal Cancer Invasive Front},
  journal = {Cell},
  volume = {182},
  number = {5},
  pages = {1341--1359.e19},
  year = {2020},
  doi = {10.1016/j.cell.2020.07.005}
}

%%%%%%%%%%%%%%%%%%%%%%%%%%%%%%%%%%%%%%%%
% GÉNÉRATION DE GRAPHES
%%%%%%%%%%%%%%%%%%%%%%%%%%%%%%%%%%%%%%%%

@inproceedings{You2018GraphRNN,
  author = {You, Jiaxuan and Ying, Rex and Ren, Xiang and Hamilton, William L and Leskovec, Jure},
  title = {GraphRNN: Generating Realistic Graphs with Deep Auto-regressive Models},
  booktitle = {International Conference on Machine Learning (ICML)},
  pages = {5708--5717},
  year = {2018}
}

@inproceedings{DeKao2018,
  author = {De Cao, Nicola and Kipf, Thomas},
  title = {MolGAN: An implicit generative model for small molecular graphs},
  booktitle = {ICML Workshop on Theoretical Foundations and Applications of Deep Generative Models},
  year = {2018}
}

@inproceedings{Bojchevski2018,
  author = {Bojchevski, Aleksandar and Shchur, Oleksandr and Zügner, Daniel and Günnemann, Stephan},
  title = {NetGAN: Generating Graphs via Random Walks},
  booktitle = {International Conference on Machine Learning (ICML)},
  pages = {610--619},
  year = {2018}
}

%%%%%%%%%%%%%%%%%%%%%%%%%%%%%%%%%%%%%%%%
% MODÈLES DE DIFFUSION SUR GRAPHES
%%%%%%%%%%%%%%%%%%%%%%%%%%%%%%%%%%%%%%%%

@inproceedings{Jo2022,
  author = {Jo, Jaehyeong and Lee, Seul and Hwang, Sung Ju},
  title = {Score-based Generative Modeling of Graphs via the System of Stochastic Differential Equations},
  booktitle = {International Conference on Machine Learning (ICML)},
  pages = {10362--10383},
  year = {2022}
}

@inproceedings{Vignac2023,
  author = {Vignac, Clément and Krawczuk, Igor and Siraudin, Antoine and Wang, Bohan and Cevher, Volkan and Frossard, Pascal},
  title = {DiGress: Discrete Denoising diffusion for graph generation},
  booktitle = {International Conference on Learning Representations (ICLR)},
  year = {2023}
}

@article{Niu2020,
  author = {Niu, Chenhao and Song, Yang and Song, Jiaming and Zhao, Shengjia and Grover, Aditya and Ermon, Stefano},
  title = {Permutation Invariant Graph Generation via Score-Based Generative Modeling},
  journal = {arXiv preprint arXiv:2003.00638},
  year = {2020}
}
